
@TECHREPORT{parallel-performance-metrics-paper,
	author = {Sartaj Sahni and Venkat Thanvantri},
	title = {Parallel Computing: Performance Metrics and Models},
	institution = {University of Florida},
	year = {1995}
}

@inproceedings{source-code-quality-classification-paper,
	author = {Vytovtov, Petr and Markov, Evgeny},
	title = {Source Code Quality Classification Based On Software Metrics},
	booktitle = {Proceedings of the 20th Conference of Open Innovations Association FRUCT},
	series = {FRUCT'20},
	year = {2017},
	location = {Saint-Petersburg, Russia},
	pages = {71:505--71:511},
	articleno = {71},
	numpages = {7},
	url = {https://doi.org/10.23919/FRUCT.2017.8071355},
	doi = {10.23919/FRUCT.2017.8071355},
	acmid = {3180070},
	publisher = {FRUCT Oy},
	address = {Helsinki, Finland, Finland},
	keywords = {LLVM, Software measures, Software quality, Source code quality, Static analysis},
} 

@inproceedings{iterator-recognition-paper,
	author = {Manilov, Stanislav and Vasiladiotis, Christos and Franke, Bj\"{o}rn},
	title = {Generalized Profile-guided Iterator Recognition},
	booktitle = {Proceedings of the 27th International Conference on Compiler Construction},
	series = {CC 2018},
	year = {2018},
	isbn = {978-1-4503-5644-2},
	location = {Vienna, Austria},
	pages = {185--195},
	numpages = {11},
	url = {http://doi.acm.org/10.1145/3178372.3179511},
	doi = {10.1145/3178372.3179511},
	acmid = {3179511},
	publisher = {ACM},
	address = {New York, NY, USA},
	keywords = {Loop iterators, loop analysis},
}

@inproceedings{cyclomatic-complexity-paper,
	author = {McCabe, Thomas J.},
	title = {A Complexity Measure},
	booktitle = {Proceedings of the 2Nd International Conference on Software Engineering},
	series = {ICSE '76},
	year = {1976},
	location = {San Francisco, California, USA},
	pages = {407--},
	url = {http://dl.acm.org/citation.cfm?id=800253.807712},
	acmid = {807712},
	publisher = {IEEE Computer Society Press},
	address = {Los Alamitos, CA, USA},
	keywords = {Basis, Complexity measure, Control flow, Decomposition, Graph theory, Independence, Linear, Modularization, Programming, Reduction, Software, Testing},
} 

@book{halstead-book,
	author = {Halstead, Maurice H.},
	title = {Elements of Software Science (Operating and Programming Systems Series)},
	year = {1977},
	isbn = {0444002057},
	publisher = {Elsevier Science Inc.},
	address = {New York, NY, USA},
} 

@article{pdg-paper,
	author = {Ferrante, Jeanne and Ottenstein, Karl J. and Warren, Joe D.},
	title = {The Program Dependence Graph and Its Use in Optimization},
	journal = {ACM Trans. Program. Lang. Syst.},
	issue_date = {July 1987},
	volume = {9},
	number = {3},
	month = jul,
	year = {1987},
	issn = {0164-0925},
	pages = {319--349},
	numpages = {31},
	url = {http://doi.acm.org/10.1145/24039.24041},
	doi = {10.1145/24039.24041},
	acmid = {24041},
	publisher = {ACM},
	address = {New York, NY, USA},
}

@article{cohesion-coupling-paper,
	author = {Stevens, W. P. and Myers, G. J. and Constantine, L. L.},
	title = {Structured Design},
	journal = {IBM Syst. J.},
	issue_date = {June 1974},
	volume = {13},
	number = {2},
	month = jun,
	year = {1974},
	issn = {0018-8670},
	pages = {115--139},
	numpages = {25},
	url = {http://dx.doi.org/10.1147/sj.132.0115},
	doi = {10.1147/sj.132.0115},
	acmid = {1661068},
	publisher = {IBM Corp.},
	address = {Riverton, NJ, USA},
} 

@book{advanced-compiler-design-book,
	author = {Muchnick, Steven S.},
	title = {Advanced Compiler Design and Implementation},
	year = {1997},
	isbn = {1-55860-320-4},
	publisher = {Morgan Kaufmann Publishers Inc.},
	address = {San Francisco, CA, USA},
}

@book{statistical-learning-book,
	author = {James, Gareth and Witten, Daniela and Hastie, Trevor and Tibshirani, Robert},
	title = {An Introduction to Statistical Learning: With Applications in R},
	year = {2014},
	isbn = {1461471370, 9781461471370},
	publisher = {Springer Publishing Company, Incorporated},
} 

@book{optimizing-compilers-book,
	author = {Kennedy, Ken and Allen, John R.},
	title = {Optimizing Compilers for Modern Architectures: A Dependence-based Approach},
	year = {2002},
	isbn = {1-55860-286-0},
	publisher = {Morgan Kaufmann Publishers Inc.},
	address = {San Francisco, CA, USA},
}

@book{introduction-to-algorithms-book,
	author = {Cormen, Thomas H. and Leiserson, Charles E. and Rivest, Ronald L. and Stein, Clifford},
	title = {Introduction to Algorithms, Third Edition},
	year = {2009},
	isbn = {0262033844, 9780262033848},
	edition = {3rd},
	publisher = {The MIT Press},
}

@inproceedings{llvm-paper,
	author = {Lattner, Chris and Adve, Vikram},
	title = {LLVM: A Compilation Framework for Lifelong Program Analysis \& Transformation},
	booktitle = {Proceedings of the International Symposium on Code Generation and Optimization: Feedback-directed and Runtime Optimization},
	series = {CGO '04},
	year = {2004},
	isbn = {0-7695-2102-9},
	location = {Palo Alto, California},
	pages = {75--},
	url = {http://dl.acm.org/citation.cfm?id=977395.977673},
	acmid = {977673},
	publisher = {IEEE Computer Society},
	address = {Washington, DC, USA},
}

@inproceedings{practical-dep-testing-paper,
	author = {Goff, Gina and Kennedy, Ken and Tseng, Chau-Wen},
	title = {Practical Dependence Testing},
	booktitle = {Proceedings of the ACM SIGPLAN 1991 Conference on Programming Language Design and Implementation},
	series = {PLDI '91},
	year = {1991},
	isbn = {0-89791-428-7},
	location = {Toronto, Ontario, Canada},
	pages = {15--29},
	numpages = {15},
	url = {http://doi.acm.org/10.1145/113445.113448},
	doi = {10.1145/113445.113448},
	acmid = {113448},
	publisher = {ACM},
	address = {New York, NY, USA},
}

@misc{ppar-tool,
	author    = "Aleksandr Maramzin",
	title = "\uppercase{p}ervasive \uppercase{p}arallelism (\uppercase{p}\uppercase{p}ar) software parallelisability metrics tool implementation",
	howpublished = "\url{https://github.com/av-maramzin/PParMetrics}",
	year     = "",
	month    = "",
	note = "University of Edinburgh, School of Informatics, MSc by Research, 2018"
}

@misc{llvm-official-website,
	author = "",
	title = "\textsc{LLVM} \uppercase{o}fficial \uppercase{w}ebsite",
	howpublished = "\url{http://llvm.org/}",
	year = "",
	month = "",
	note = "",
}

@misc{llvm-online-docs,
	author = "",
	title     = "\textsc{LLVM} \uppercase{o}nline \uppercase{d}ocumentation",
	howpublished = "\url{http://llvm.org/docs/}",
	year     = "",
	month    = "",
	note     = "",
}

@misc{llvm-online-docs-pass-framework,
	author = "",
	title     = "\uppercase{w}riting an \textsc{LLVM} \uppercase{p}ass",
	howpublished = "\url{http://llvm.org/docs/WritingAnLLVMPass.html}",
	year     = "",
	month    = "",
	note     = "",
}

@misc{llvm-online-docs-ir,	
	author = "",
	title     = "\textsc{LLVM} \uppercase{l}anguage \uppercase{r}eference \uppercase{m}anual",
	howpublished = "\url{http://llvm.org/docs/LangRef.html}",
	year     = "",
	month    = "",
	note     = "",
}

@misc{llvm-doxygen-docs,
	author = "",
	title = "\textsc{LLVM} \uppercase{d}oxygen \uppercase{g}enerated \uppercase{d}ocumentation",
	howpublished = "\url{http://llvm.org/doxygen/}",
	year = "",
	month = "",
	note = "",
}

@misc{graphviz-official-website,
	author = "",
	title = "\uppercase{G}raphviz - \uppercase{G}raph \uppercase{V}isualization \uppercase{S}oftware",
	howpublished = "\url{https://www.graphviz.org/}",
	year = "",
	month = "",
	note = "",
}

@misc{intel-parallel-studio,
	author = "",
	title = "\uppercase{I}ntel \uppercase{P}arallel \uppercase{S}tudio \textsc{XE} 2018",
	howpublished = "\url{https://software.intel.com/en-us/parallel-studio-xe}",
	year = "",
	month = "",
	note = "",
}

@misc{python-lib-pandas,
	author = "",
	title = "pandas: \uppercase{P}ython \uppercase{D}ata \uppercase{A}nalysis \uppercase{L}ibrary",
	howpublished = "\url{https://pandas.pydata.org/}",
	year = "",
	month = "",
	note = "",
}

@misc{python-lib-scikit-learn,
	author = "",
	title = "scikit-learn: \uppercase{M}achine \uppercase{L}earning in \uppercase{P}ython",
	howpublished = "\url{http://scikit-learn.org/stable/}",
	year = "",
	month = "",
	note = "",
}

@misc{python-matplotlib,
	author = "",
	title = "scikit-learn: \uppercase{P}ython \uppercase{P}lotting \uppercase{L}ibrary - matplotlib",
	howpublished = "\url{https://matplotlib.org/}",
	year = "",
	month = "",
	note = "",
}

@misc{intel-multithreading-guide,
	title = "\uppercase{I}ntel \uppercase{G}uide for \uppercase{D}eveloping \uppercase{M}ultithreaded \uppercase{A}pplications",
	author = "Intel(R)",
	howpublished="\url{https://software.intel.com/en-us/articles/intel-guide-for-developing-multithreaded-applications}",
	year = "",
	month = "",
	note = "",
}